<record><leader>00000cas a2200000 a 4500</leader><controlfield tag="001">18458673</controlfield><controlfield tag="008">880908d19481953wauwr ne      0    0eng d</controlfield><datafield ind1=" " ind2=" " tag="010"><subfield code="a">sn 88085981 </subfield></datafield><datafield ind1=" " ind2=" " tag="040"><subfield code="a">SLZ</subfield><subfield code="b">eng</subfield><subfield code="c">SLZ</subfield><subfield code="d">OCL</subfield><subfield code="d">OCLCQ</subfield><subfield code="d">OCLCF</subfield><subfield code="d">OCLCO</subfield></datafield><datafield ind1=" " ind2=" " tag="042"><subfield code="a">msc</subfield></datafield><datafield ind1=" " ind2=" " tag="043"><subfield code="a">n-us-wa</subfield></datafield><datafield ind1="0" ind2="4" tag="245"><subfield code="a">The Coulee City news and the Hartline standard.</subfield></datafield><datafield ind1=" " ind2=" " tag="260"><subfield code="a">Coulee City, Wash. :</subfield><subfield code="b">Joe Pierce and Virginia Pierce</subfield></datafield><datafield ind1=" " ind2=" " tag="300"><subfield code="a">v.</subfield></datafield><datafield ind1=" " ind2=" " tag="310"><subfield code="a">Weekly</subfield></datafield><datafield ind1="0" ind2=" " tag="362"><subfield code="a">Vol. 2, no. 2 (Dec. 5, 1948)-v. 7, no. 26 (June 19, 1953).</subfield></datafield><datafield ind1=" " ind2=" " tag="515"><subfield code="a">Volume numbering irregular.</subfield></datafield><datafield ind1=" " ind2="0" tag="651"><subfield code="a">Coulee City (Wash.)</subfield><subfield code="v">Newspapers.</subfield></datafield><datafield ind1=" " ind2="7" tag="655"><subfield code="a">Newspapers.</subfield><subfield code="2">fast</subfield><subfield code="0">(OCoLC)fst01423814</subfield></datafield><datafield ind1=" " ind2="7" tag="651"><subfield code="a">Washington (State)</subfield><subfield code="z">Coulee City.</subfield><subfield code="2">fast</subfield><subfield code="0">(OCoLC)fst01306233</subfield></datafield><datafield ind1=" " ind2=" " tag="752"><subfield code="a">United States</subfield><subfield code="b">Washington</subfield><subfield code="c">Grant</subfield><subfield code="d">Coulee City.</subfield></datafield><datafield ind1="0" ind2="4" tag="780"><subfield code="t">Coulee City news (Coulee City, Wash. : 1946)</subfield><subfield code="w">(DLC)sn 88085980</subfield></datafield><datafield ind1="0" ind2="4" tag="780"><subfield code="t">Hartline standard</subfield><subfield code="w">(DLC)sn 87093235</subfield></datafield><datafield ind1="0" ind2="0" tag="785"><subfield code="t">News-standard (Coulee City, Wash.)</subfield><subfield code="w">(DLC)sn 87093176</subfield></datafield></record>